<?xml version="1.0" encoding="UTF-8"?><record xmlns="http://www.loc.gov/MARC21/slim" xmlns:cinclude="http://apache.org/cocoon/include/1.0" xmlns:zs="http://www.loc.gov/zing/srw/">
  <leader>00544nz  a2200145n  4500</leader>
  <controlfield tag="001">no2007038078</controlfield>
  <controlfield tag="003">DLC</controlfield>
  <controlfield tag="005">20070407075042.0</controlfield>
  <controlfield tag="008">070405n| acannaabn          |a aaa     c</controlfield>
  <datafield tag="010" ind1=" " ind2=" ">
    <subfield code="a">no2007038078</subfield>
  </datafield>
  <datafield tag="035" ind1=" " ind2=" ">
    <subfield code="a">(OCoLC)oca07375679</subfield>
  </datafield>
  <datafield tag="040" ind1=" " ind2=" ">
    <subfield code="a">IEN</subfield>
    <subfield code="b">eng</subfield>
    <subfield code="c">IEN</subfield>
  </datafield>
  <datafield tag="100" ind1="1" ind2=" ">
    <subfield code="a">Domínguez García, Fernando,</subfield>
    <subfield code="d">1978-</subfield>
  </datafield>
  <datafield tag="400" ind1="1" ind2=" ">
    <subfield code="a">García, Fernando Domínguez,</subfield>
    <subfield code="d">1978-</subfield>
  </datafield>
  <datafield tag="670" ind1=" " ind2=" ">
    <subfield code="a">Más allá de la nación, 2006:</subfield>
    <subfield code="b">t.p. (Fernando Domínguez García) front flap (b. 1978 in Barcelona, prof. of constitutional law at Universidad Autónoma de Barcelona)</subfield>
  </datafield>
</record>